@online{pcb-aoi,
    author={China Telecom Research Institute, Raisecom Technology co. ltd.},
    title={Industrial defect detection: the PCB-AoI dataset},
    url={https://ianvs.readthedocs.io/en/latest/proposals/scenarios/industrial-defect-detection/pcb-aoi.html},
}

@inproceedings{pcb-metal,
  author={Mahalingam, Gayathri and Gay, Kevin Marshall and Ricanek, Karl},
  booktitle={2019 16th International Conference on Machine Vision Applications (MVA)}, 
  title={PCB-METAL: A PCB Image Dataset for Advanced Computer Vision Machine Learning Component Analysis}, 
  year={2019},
  pages={1-5},
  doi={10.23919/MVA.2019.8757928}
}

@article{jessurun2022fpic,
      title={FPIC: A Novel Semantic Dataset for Optical PCB Assurance}, 
      author={Nathan Jessurun and Olivia P. Dizon-Paradis and Jacob Harrison and Shajib Ghosh and Mark M. Tehranipoor and Damon L. Woodard and Navid Asadizanjani},
      year={2022},
      eprint={2202.08414},
      archivePrefix={arXiv},
      primaryClass={cs.CV}
}

@article{lu2020fics,
  title={Fics-pcb: A multi-modal image dataset for automated printed circuit board visual inspection},
  author={Lu, Hangwei and Mehta, Dhwani and Paradis, Olivia and Asadizanjani, Navid and Tehranipoor, Mark and Woodard, Damon L},
  journal={Cryptology ePrint Archive},
  year={2020}
}

@inproceedings{pramerdorfer2015,
  doi = {10.1109/mva.2015.7153209},
  url = {https://doi.org/10.1109/mva.2015.7153209},
  year = {2015},
  month = may,
  publisher = {{IEEE}},
  author = {Christopher Pramerdorfer and Martin Kampel},
  title = {A dataset for computer-vision-based {PCB} analysis},
  booktitle = {2015 14th {IAPR} International Conference on Machine Vision Applications ({MVA})}
}

@article{tang2019online,
      title={Online PCB Defect Detector On A New PCB Defect Dataset}, 
      author={Sanli Tang and Fan He and Xiaolin Huang and Jie Yang},
      year={2019},
      eprint={1902.06197},
      archivePrefix={arXiv},
      primaryClass={cs.CV}
}

@article{neusurfacedefect,
    author={He, Yu and Song, Kechen and Meng, Qinggang and Yan, Yunhui},
    journal={IEEE Transactions on Instrumentation and Measurement},
    title={An End-to-End Steel Surface Defect Detection Approach via Fusing Multiple Hierarchical Features},
    year={2020},
    volume={69},
    number={4},
    pages={1493-1504},
    doi={10.1109/TIM.2019.2915404}
}